@article{Fernandez2013,
   author    = {Fernandez, Pablo and Smith, John and …},  % replace with full author list
   title     = {A truncated form of IKK\ensuremath{\alpha} is responsible for specific nuclear IKK activity in colorectal cancer},
   journal   = {Cancer Cell},
   year      = {2013},
   volume    = {23},
   number    = {3},
   pages     = {297--310},
   doi       = {10.1016/S1535-6108(13)00279-1},
}
@article{Alvarez-Villanueva2025,
   author    = {Daniel {\'A}lvarez-Villanueva and Martin Floor and Laura Solé and Luis G. Palma and María Maqueda and Joan Bertran and Teresa Lobo-Jarne and Rajani Rajbhandari and Aran Merati and Laura Marruecos and Jordi Villà-Freixa and Mar Iglesias and Markus Bredel and Anna Bigas and Lluís Espinosa},
   title     = {Separation-of-function mutants reveal the NF-\ensuremath{\kappa}B (independent) role of chromatin-bound I\ensuremath{\kappa}B\ensuremath{\alpha} in intestinal stemness and differentiation},
   journal   = {Cell Reports},
   year      = {2025},
   volume    = {44},
   number    = {7},
   pages     = {115949},
   doi       = {10.1016/j.celrep.2025.115949},
}

@article{Marruecos2021,
   author    = {L. Marruecos and J. Bertran and D. {\'A}lvarez-Villanueva and M. C. Mulero and Y. Guill{\'e}n and L. G. Palma and M. Floor and A. Vert and S. Arce-Gallego and I. Pecharrom{\'a}n and L. Batlle and J. Vill{\`a}-Freixa and G. Ghosh and A. Bigas and L. Espinosa},
   title     = {Dynamic chromatin association of I\ensuremath{\kappa}B\ensuremath{\alpha} is regulated by acetylation and cleavage of histone H4},
   journal   = {EMBO Reports},
   year      = {2021},
   volume    = {22},
   number    = {8},
   pages     = {e52649},
   doi       = {10.15252/embr.202152649},
}

@article{Margalef2012,
   author    = {Pol Margalef and Vanessa Fernández-Majada and Alberto Villanueva and Ricard Garcia-Carbonell and Mar Iglesias and Laura López and María Martínez-Iniesta and Jordi Villà-Freixa and Mari Carmen Mulero and Montserrat Andreu and Ferran Torres and Marty W. Mayo and Anna Bigas and Lluís Espinosa},
   title     = {A truncated form of IKK\ensuremath{\alpha} is responsible for specific nuclear IKK activity in colorectal cancer},
   journal   = {Cell Reports},
   year      = {2012},
   volume    = {2},
   number    = {4},
   pages     = {840--854},
   doi       = {10.1016/j.celrep.2012.08.028},
}
